<record><leader>00000cas a22000007a 4500</leader><controlfield tag="001">10089095</controlfield><controlfield tag="008">831103d19011907nyuwr ne      0    0eng d</controlfield><controlfield tag="009">3781</controlfield><datafield ind1=" " ind2=" " tag="010"><subfield code="a">sn 83031584 </subfield></datafield><datafield ind1=" " ind2=" " tag="040"><subfield code="a">NPU</subfield><subfield code="b">eng</subfield><subfield code="c">NPU</subfield><subfield code="d">NPX</subfield><subfield code="d">NSD</subfield><subfield code="d">NYS</subfield></datafield><datafield ind1=" " ind2=" " tag="042"><subfield code="a">msc</subfield></datafield><datafield ind1="0" ind2=" " tag="130"><subfield code="a">Mount Vernon record (Mount Vernon, N.Y. : 1901)</subfield></datafield><datafield ind1="0" ind2="0" tag="245"><subfield code="a">Mount Vernon record.</subfield></datafield><datafield ind1="0" ind2="3" tag="246"><subfield code="a">Mount Vernon record and Mount Vernon weekly Argus.</subfield></datafield><datafield ind1=" " ind2=" " tag="260"><subfield code="a">Mount Vernon, N.Y. :</subfield><subfield code="b">Record Pub. Co.,</subfield><subfield code="c">1901-1907.</subfield></datafield><datafield ind1=" " ind2=" " tag="300"><subfield code="a">v. :</subfield><subfield code="b">ill. ;</subfield><subfield code="c">56 cm.</subfield></datafield><datafield ind1=" " ind2=" " tag="310"><subfield code="a">Weekly</subfield></datafield><datafield ind1="0" ind2=" " tag="362"><subfield code="a">Whole no. 2018 (Sept. 6, 1901)-    ;    Dec. 27, 1907.</subfield></datafield><datafield ind1=" " ind2=" " tag="580"><subfield code="a">Daily ed.: Daily Argus (Mount Vernon, N.Y.).</subfield></datafield><datafield ind1=" " ind2=" " tag="500"><subfield code="a">"Republican."</subfield></datafield><datafield ind1=" " ind2=" " tag="752"><subfield code="a">United States</subfield><subfield code="b">New York</subfield><subfield code="c">Westchester</subfield><subfield code="d">Mount Vernon.</subfield></datafield><datafield ind1="1" ind2=" " tag="775"><subfield code="t">Daily Argus (Mount Vernon, N.Y.)</subfield><subfield code="x">1060-4723</subfield><subfield code="w">(DLC)sn 83031711584</subfield></datafield><datafield ind1="0" ind2="0" tag="780"><subfield code="t">Chronicle-record</subfield><subfield code="w">(DLC)sn 83031583</subfield></datafield><datafield ind1="0" ind2="5" tag="780"><subfield code="t">Argus (Mount Vernon, N.Y.)</subfield><subfield code="g">1902</subfield><subfield code="w">(DLC)sn 83031578</subfield></datafield></record>